{
  "leader": "02605cam a2200445Ia 4500",
  "fields": [
    {
      "001": "ocn171258002"
    },
    {
      "003": "OCoLC"
    },
    {
      "005": "20220104133246.0"
    },
    {
      "008": "070913s2007\\\\\\\\cc\\a\\\\\\\\\\b\\\\\\\\001\\0\\eng\\d"
    },
    {
      "040": {
        "ind1": "\\",
        "ind2": "\\",
        "subfields": [
          {
            "a": "CVU"
          },
          {
            "b": "eng"
          },
          {
            "c": "CVU"
          },
          {
            "d": "BAKER"
          },
          {
            "d": "BWX"
          },
          {
            "d": "YDXCP"
          },
          {
            "d": "IXA"
          },
          {
            "d": "YBM"
          },
          {
            "d": "CUY"
          },
          {
            "d": "AU@"
          },
          {
            "d": "DEBSZ"
          },
          {
            "d": "OCLCF"
          },
          {
            "d": "OCLCQ"
          },
          {
            "d": "UKMGB"
          },
          {
            "d": "OCL"
          },
          {
            "d": "TKN"
          },
          {
            "d": "IL4J6"
          }
        ]
      }
    },
    {
      "016": {
        "ind1": "7",
        "ind2": "\\",
        "subfields": [
          {
            "a": "014538680"
          },
          {
            "2": "Uk"
          }
        ]
      }
    },
    {
      "020": {
        "ind1": "\\",
        "ind2": "\\",
        "subfields": [
          {
            "a": "9789629962425"
          }
        ]
      }
    },
    {
      "020": {
        "ind1": "\\",
        "ind2": "\\",
        "subfields": [
          {
            "a": "962996242X"
          }
        ]
      }
    },
    {
      "035": {
        "ind1": "\\",
        "ind2": "\\",
        "subfields": [
          {
            "a": "(OCoLC)171258002"
          }
        ]
      }
    },
    {
      "043": {
        "ind1": "\\",
        "ind2": "\\",
        "subfields": [
          {
            "a": "a-cc---"
          }
        ]
      }
    },
    {
      "050": {
        "ind1": "\\",
        "ind2": "4",
        "subfields": [
          {
            "a": "HB126.C6"
          },
          {
            "b": "T73 2007"
          }
        ]
      }
    },
    {
      "082": {
        "ind1": "0",
        "ind2": "4",
        "subfields": [
          {
            "a": "330.0924"
          },
          {
            "b": "TRE"
          }
        ]
      }
    },
    {
      "100": {
        "ind1": "1",
        "ind2": "\\",
        "subfields": [
          {
            "a": "Trescott, Paul B."
          }
        ]
      }
    },
    {
      "245": {
        "ind1": "1",
        "ind2": "0",
        "subfields": [
          {
            "a": "Jingji Xue :"
          },
          {
            "b": "the history of the introduction of western economic ideas into China, 1850-1950 /"
          },
          {
            "c": "Paul B. Trescott."
          }
        ]
      }
    },
    {
      "246": {
        "ind1": "3",
        "ind2": "0",
        "subfields": [
          {
            "a": "History of the introduction of western economic ideas into China, 1850-1950"
          }
        ]
      }
    },
    {
      "260": {
        "ind1": "\\",
        "ind2": "\\",
        "subfields": [
          {
            "a": "Hong Kong :"
          },
          {
            "b": "Chinese University Press,"
          },
          {
            "c": "\u00a92007."
          }
        ]
      }
    },
    {
      "300": {
        "ind1": "\\",
        "ind2": "\\",
        "subfields": [
          {
            "a": "xxiv, 442 pages :"
          },
          {
            "b": "illustrations ;"
          },
          {
            "c": "24 cm"
          }
        ]
      }
    },
    {
      "336": {
        "ind1": "\\",
        "ind2": "\\",
        "subfields": [
          {
            "a": "text"
          },
          {
            "b": "txt"
          },
          {
            "2": "rdacontent"
          }
        ]
      }
    },
    {
      "337": {
        "ind1": "\\",
        "ind2": "\\",
        "subfields": [
          {
            "a": "unmediated"
          },
          {
            "b": "n"
          },
          {
            "2": "rdamedia"
          }
        ]
      }
    },
    {
      "338": {
        "ind1": "\\",
        "ind2": "\\",
        "subfields": [
          {
            "a": "volume"
          },
          {
            "b": "nc"
          },
          {
            "2": "rdacarrier"
          }
        ]
      }
    },
    {
      "504": {
        "ind1": "\\",
        "ind2": "\\",
        "subfields": [
          {
            "a": "Includes bibliographical references (pages 317-406) and index."
          }
        ]
      }
    },
    {
      "505": {
        "ind1": "0",
        "ind2": "\\",
        "subfields": [
          {
            "a": "Introduction -- Preliminaries: missionaries and westernizing Chinese -- Sun Yat-sen -- Graduate study of economics by Chinese in the United States -- Chinese who studied economics in Britain and continental Europe before 1950 -- Chinese economics graduate students overseas: careers, backgrounds, research areas -- Economics in China's Christian colleges: overview -- Economics at Yanjing University (Peking) -- John Lossing Buck and agricultural economics at Nanjing University -- Economics in Chinese universities: overview -- Economics at Nankai University -- Beida: western economics at Peking University -- Qinghua College and Qinghua University -- The role of western economics in economic research in China 1900-1950: techniques, ideas, and personnel -- Epilogue and overview."
          }
        ]
      }
    },
    {
      "650": {
        "ind1": "\\",
        "ind2": "0",
        "subfields": [
          {
            "a": "Economics"
          },
          {
            "z": "China"
          },
          {
            "x": "History"
          },
          {
            "y": "19th century."
          }
        ]
      }
    },
    {
      "650": {
        "ind1": "\\",
        "ind2": "0",
        "subfields": [
          {
            "a": "Economics"
          },
          {
            "z": "China"
          },
          {
            "x": "History"
          },
          {
            "y": "20th century."
          }
        ]
      }
    },
    {
      "651": {
        "ind1": "\\",
        "ind2": "0",
        "subfields": [
          {
            "a": "China"
          },
          {
            "x": "Foreign economic relations."
          }
        ]
      }
    },
    {
      "650": {
        "ind1": "\\",
        "ind2": "7",
        "subfields": [
          {
            "a": "Economics."
          },
          {
            "2": "fast"
          },
          {
            "0": "(OCoLC)fst00902116"
          }
        ]
      }
    },
    {
      "650": {
        "ind1": "\\",
        "ind2": "7",
        "subfields": [
          {
            "a": "International economic relations."
          },
          {
            "2": "fast"
          },
          {
            "0": "(OCoLC)fst00976891"
          }
        ]
      }
    },
    {
      "651": {
        "ind1": "\\",
        "ind2": "7",
        "subfields": [
          {
            "a": "China."
          },
          {
            "2": "fast"
          },
          {
            "0": "(OCoLC)fst01206073"
          }
        ]
      }
    },
    {
      "648": {
        "ind1": "\\",
        "ind2": "7",
        "subfields": [
          {
            "a": "1800-1999"
          },
          {
            "2": "fast"
          }
        ]
      }
    },
    {
      "655": {
        "ind1": "\\",
        "ind2": "7",
        "subfields": [
          {
            "a": "History."
          },
          {
            "2": "fast"
          },
          {
            "0": "(OCoLC)fst01411628"
          }
        ]
      }
    },
    {
      "776": {
        "ind1": "0",
        "ind2": "8",
        "subfields": [
          {
            "i": "Online version:"
          },
          {
            "a": "Trescott, Paul B."
          },
          {
            "t": "Jingji Xue."
          },
          {
            "d": "Hong Kong : Chinese University Press, \u00a92007"
          },
          {
            "w": "(OCoLC)647572095"
          }
        ]
      }
    },
    {
      "856": {
        "ind1": "4",
        "ind2": "1",
        "subfields": [
          {
            "3": "Table of contents"
          },
          {
            "u": "http://www.gbv.de/dms/zbw/550047581.pdf"
          },
          {
            "z": "Kostenfrei"
          }
        ]
      }
    },
    {
      "994": {
        "ind1": "\\",
        "ind2": "\\",
        "subfields": [
          {
            "a": "Z0"
          },
          {
            "b": "NYRVC"
          }
        ]
      }
    },
    {
      "948": {
        "ind1": "\\",
        "ind2": "\\",
        "subfields": [
          {
            "h": "NO HOLDINGS IN NYRVC - 238 OTHER HOLDINGS"
          }
        ]
      }
    },
    {
      "999": {
        "ind1": "\\",
        "ind2": "\\",
        "subfields": [
          {
            "a": "00000000015205"
          }
        ]
      }
    }
  ]
}